/home/toon/Documents/Latex/library.bib